%% This BibTeX bibliography file was created using BibDesk.
%% http://bibdesk.sourceforge.net/


%% Created for Steven Walker at 2012-01-30 21:46:43 -0500 


%% Saved with string encoding Unicode (UTF-8) 



@article{CantinEtAl2011,
	Author = {Ariane Cantin and Beatrix E. Beisner and John M. Gunn and Yves T. Prairie and Jennifer G. Winter},
	Date-Added = {2011-09-28 14:53:46 -0400},
	Date-Modified = {2011-09-28 14:53:46 -0400},
	Journal = {Canadian Journal of Fisheries and Aquatic Science},
	Pages = {260-276},
	Title = {Effects of thermocline deepening on lake plankton communities},
	Volume = {68},
	Year = {2011}}

@article{IvesAndHelmus2011,
	Author = {Anthony R. Ives and Matthew R. Helmus},
	Date-Added = {2011-09-08 11:48:29 -0400},
	Date-Modified = {2011-09-08 11:49:28 -0400},
	Journal = {Ecological Monographs},
	Number = {3},
	Pages = {511-523},
	Title = {Generalized linear mixed models for phylogenetic analyses of community structure},
	Volume = {81},
	Year = {2011}}

@article{Solymos2009,
	Author = {{P\'eter} {S\'olymos}},
	Date-Added = {2011-09-07 20:34:10 -0400},
	Date-Modified = {2011-09-07 20:38:06 -0400},
	Journal = {Processing Ecological Data in {R} with the {mefa} Package},
	Number = {8},
	Pages = {1-28},
	Title = {Journal of Statistical Software},
	Volume = {29},
	Year = {2009}}

@article{Wickham2007,
	Author = {Hadley Wickham},
	Date-Added = {2011-09-07 20:25:40 -0400},
	Date-Modified = {2011-09-07 20:27:09 -0400},
	Journal = {Journal of Statistical Software},
	Number = {12},
	Title = {Reshaping data with the reshape package},
	Volume = {21},
	Year = {2007}}

@book{ChambersAndHastie1992,
	Address = {Pacific Grove, California},
	Author = {John M. Chambers and Trevor J. Hastie},
	Date-Added = {2011-09-07 19:35:40 -0400},
	Date-Modified = {2011-09-07 19:37:55 -0400},
	Publisher = {Wadsworth and Brooks},
	Title = {Statistical models in {S}},
	Year = {1992}}

@article{LeiboldEtAl2010,
	Author = {Mathew A. Leibold and Evan P. Economo and Pedro R. Peres-Neto},
	Date-Added = {2010-11-23 14:36:10 -0500},
	Date-Modified = {2010-11-23 14:37:33 -0500},
	Journal = {Ecology Letters},
	Pages = {1290-1299},
	Title = {Metacommunity phylogenetics: separating the roles of environmental filters and historical biogeography},
	Volume = {13},
	Year = {2010}}

@article{PillarEtAl2010,
	Author = {Val\`{e}rio D. Pillar and Leandro D.S. Duarte},
	Date-Added = {2010-11-23 14:34:16 -0500},
	Date-Modified = {2010-11-26 14:05:19 -0500},
	Journal = {Ecology Letters},
	Pages = {587-596},
	Title = {A framework for metacommunity analysis of phylogenetic structure},
	Volume = {13},
	Year = {2010}}

@article{LegendreEtAl1997,
	Author = {Pierre Legendre and Ren\'{e} Galzin and Mireille L. Harmelin-Vivien},
	Date-Added = {2010-07-08 16:13:03 -0400},
	Date-Modified = {2010-07-08 16:14:12 -0400},
	Journal = {Ecology},
	Number = {2},
	Pages = {547-562},
	Title = {Relating behavior to habitat: solutions to the fourth-corner problem},
	Volume = {78},
	Year = {1997}}

@article{DoledecEtAl1996,
	Author = {S. Dol\'{e}dec and D. Chessel and C.J.F. ter Braak and S. Champely},
	Date-Added = {2009-07-01 15:56:13 -0400},
	Date-Modified = {2010-07-22 12:32:16 -0400},
	Journal = {Environmental and Ecological Statistics},
	Pages = {143-166},
	Title = {Matching species traits to environmental variables: a new three-table ordination method},
	Volume = {3},
	Year = {1996}}

@article{DrayAndLegendre2008,
	Author = {Stephane Dray and Pierre Legendre},
	Date-Added = {2009-06-30 21:45:02 -0400},
	Date-Modified = {2010-07-22 12:33:15 -0400},
	Journal = {Ecology},
	Number = {12},
	Pages = {3400-3412},
	Title = {Testing the species traits-environment relationships: the fourth-corner problem revisited},
	Volume = {89},
	Year = {2008}}
