%% This BibTeX bibliography file was created using BibDesk.
%% http://bibdesk.sourceforge.net/


%% Created for Steven Walker at 2012-07-30 22:15:24 -0400 


%% Saved with string encoding Unicode (UTF-8) 



@manual{R2012,
	Address = {Vienna, Austria},
	Author = {\proglang{R} Development Core Team},
	Date-Added = {2012-07-30 22:05:19 -0400},
	Date-Modified = {2012-07-30 22:08:35 -0400},
	Note = {{ISBN} 3-900051-07-0},
	Organization = {\proglang{R} Foundation for Statistical Computing},
	Title = {\proglang{R}:  A language and environment for statistical computing},
	Url = {http://www.R-project.org/},
	Year = {2012}}

@article{Anderson2001,
	Author = {Marti J. Anderson},
	Date-Added = {2012-06-08 12:41:21 -0400},
	Date-Modified = {2012-06-08 12:41:21 -0400},
	Journal = {Austral Ecology},
	Pages = {32-46},
	Title = {A new method for non-parametric multivariate analysis of variance},
	Volume = {26},
	Year = {2001}}

@article{McArdleAndAnderson2001,
	Author = {B.H. McArdle and Marti J. Anderson},
	Date-Added = {2012-06-08 12:41:06 -0400},
	Date-Modified = {2012-06-08 12:41:06 -0400},
	Journal = {Ecology},
	Pages = {290-297},
	Title = {Fitting multivariate models to community data: A comment on distance-based redundancy analysis},
	Volume = {82},
	Year = {2001}}

@manual{OksanenEtAl2011,
	Author = {Jari Oksanen and F. Guillaume Blanchet and Roeland Kindt and Pierre Legendre and Peter R. Minchin and R.B. O'Hara and Gavin L. Simpson and Peter Solymos and M. Henry H. Stevens and Helene Wagner},
	Date-Added = {2012-03-03 16:15:03 -0500},
	Date-Modified = {2012-07-30 22:02:52 -0400},
	Note = {{\proglang{R} package version 2.0-2}},
	Title = {\pkg{vegan}: Community ecology package},
	Url = {{http://CRAN.R-project.org/package-vegan}},
	Year = {2011},
	Bdsk-Url-1 = {%7Bhttp://CRAN.R-project.org/package-vegan%7D}}

@manual{GelmanEtAl2011,
	Author = {Andrew Gelman and Yu-Sung Su and Masanao Yajima and Jennifer Hill and Maria Grazia Pittau and Jouni Kerman and Tian Zheng},
	Date-Added = {2012-03-03 16:11:46 -0500},
	Date-Modified = {2012-07-30 22:02:23 -0400},
	Note = {{\proglang{R} package 1.4-14}},
	Title = {\pkg{arm}: Data analysis using regression and {multilevel/hierarchical} models},
	Url = {{http://CRAN.R-project.org/package=arm}},
	Year = {2011},
	Bdsk-Url-1 = {%7Bhttp://CRAN.R-project.org/package=arm%7D}}

@book{Wickham2009,
	Address = {New York},
	Author = {Hadley Wickham},
	Date-Added = {2012-03-03 15:39:57 -0500},
	Date-Modified = {2012-07-30 22:15:18 -0400},
	Publisher = {Springer-Verlag},
	Title = {\pkg{ggplot2}: Elegant Graphics for Data Analysis},
	Year = {2009}}

@article{CormontEtAl2011,
	Author = {Anouk Cormont and Claire C. Vos and Chris A.M. van Turnhout and Ruud P.B. Foppen and Cajor J.F. ter Braak},
	Date-Added = {2012-03-01 15:34:57 -0500},
	Date-Modified = {2012-03-01 15:34:57 -0500},
	Journal = {Climate Research},
	Pages = {59-71},
	Title = {Using life-history traits to explain bird population responses to changing weather variability},
	Volume = {49},
	Year = {2011},
	Bdsk-File-1 = {YnBsaXN0MDDUAQIDBAUGCQpYJHZlcnNpb25UJHRvcFkkYXJjaGl2ZXJYJG9iamVjdHMSAAGGoNEHCFRyb290gAFfEA9OU0tleWVkQXJjaGl2ZXKoCwwXGBkdJCVVJG51bGzTDQ4PEBEUViRjbGFzc1dOUy5rZXlzWk5TLm9iamVjdHOAB6ISE4ACgAOiFRaABIAGWWFsaWFzRGF0YVxyZWxhdGl2ZVBhdGjSDRobHFdOUy5kYXRhgAVPEQGqAAAAAAGqAAIAAAxNYWNpbnRvc2ggSEQAAAAAAAAAAAAAAAAAAADE34cZSCsAAAARrX0TQ29ybW9udEV0QWwyMDExLnBkZgAAAAAAAAAAAAAAAAAAAAAAAAAAAAAAAAAAAAAAAAAAAAAAAAAAAAAAAAAAAGPsvMswVbEAAAAAAAAAAAACAAIAAAkgAAAAAAAAAAAAAAAAAAAABlBhcGVycwAQAAgAAMTfv1kAAAARAAgAAMswnAEAAAABABAAEa19AAn5kAAJ+XkAAHtcAAIARE1hY2ludG9zaCBIRDpVc2VyczpzdGV2ZW53YWxrZXI6RG9jdW1lbnRzOlBhcGVyczpDb3Jtb250RXRBbDIwMTEucGRmAA4AKAATAEMAbwByAG0AbwBuAHQARQB0AEEAbAAyADAAMQAxAC4AcABkAGYADwAaAAwATQBhAGMAaQBuAHQAbwBzAGgAIABIAEQAEgA3VXNlcnMvc3RldmVud2Fsa2VyL0RvY3VtZW50cy9QYXBlcnMvQ29ybW9udEV0QWwyMDExLnBkZgAAEwABLwAAFQACABP//wAA0h4fICFYJGNsYXNzZXNaJGNsYXNzbmFtZaMhIiNdTlNNdXRhYmxlRGF0YVZOU0RhdGFYTlNPYmplY3RfECAuLi8uLi9QYXBlcnMvQ29ybW9udEV0QWwyMDExLnBkZtIeHyYnoicjXE5TRGljdGlvbmFyeQAIABEAGgAfACkAMgA3ADoAPwBBAFMAXABiAGkAcAB4AIMAhQCIAIoAjACPAJEAkwCdAKoArwC3ALkCZwJsAnUCgAKEApICmQKiAsUCygLNAAAAAAAAAgEAAAAAAAAAKAAAAAAAAAAAAAAAAAAAAto=},
	Bdsk-File-2 = {YnBsaXN0MDDUAQIDBAUGCQpYJHZlcnNpb25UJHRvcFkkYXJjaGl2ZXJYJG9iamVjdHMSAAGGoNEHCFRyb290gAFfEA9OU0tleWVkQXJjaGl2ZXKoCwwXGBkdJCVVJG51bGzTDQ4PEBEUViRjbGFzc1dOUy5rZXlzWk5TLm9iamVjdHOAB6ISE4ACgAOiFRaABIAGWWFsaWFzRGF0YVxyZWxhdGl2ZVBhdGjSDRobHFdOUy5kYXRhgAVPEQG6AAAAAAG6AAIAAAxNYWNpbnRvc2ggSEQAAAAAAAAAAAAAAAAAAADE34cZSCsAAAARrX0XQ29ybW9udEV0QWwyMDExc3VwcC5wZGYAAAAAAAAAAAAAAAAAAAAAAAAAAAAAAAAAAAAAAAAAAAAAAAAAAAAAAGPsxcswVf8AAAAAAAAAAAACAAIAAAkgAAAAAAAAAAAAAAAAAAAABlBhcGVycwAQAAgAAMTfv1kAAAARAAgAAMswnE8AAAABABAAEa19AAn5kAAJ+XkAAHtcAAIASE1hY2ludG9zaCBIRDpVc2VyczpzdGV2ZW53YWxrZXI6RG9jdW1lbnRzOlBhcGVyczpDb3Jtb250RXRBbDIwMTFzdXBwLnBkZgAOADAAFwBDAG8AcgBtAG8AbgB0AEUAdABBAGwAMgAwADEAMQBzAHUAcABwAC4AcABkAGYADwAaAAwATQBhAGMAaQBuAHQAbwBzAGgAIABIAEQAEgA7VXNlcnMvc3RldmVud2Fsa2VyL0RvY3VtZW50cy9QYXBlcnMvQ29ybW9udEV0QWwyMDExc3VwcC5wZGYAABMAAS8AABUAAgAT//8AANIeHyAhWCRjbGFzc2VzWiRjbGFzc25hbWWjISIjXU5TTXV0YWJsZURhdGFWTlNEYXRhWE5TT2JqZWN0XxAkLi4vLi4vUGFwZXJzL0Nvcm1vbnRFdEFsMjAxMXN1cHAucGRm0h4fJieiJyNcTlNEaWN0aW9uYXJ5AAgAEQAaAB8AKQAyADcAOgA/AEEAUwBcAGIAaQBwAHgAgwCFAIgAigCMAI8AkQCTAJ0AqgCvALcAuQJ3AnwChQKQApQCogKpArIC2QLeAuEAAAAAAAACAQAAAAAAAAAoAAAAAAAAAAAAAAAAAAAC7g==}}

@article{GoldsteinAndMeador2004,
	Author = {Robert M. Goldstein and Michael R. Meador},
	Date-Added = {2012-02-26 19:26:29 -0500},
	Date-Modified = {2012-02-26 19:26:29 -0500},
	Journal = {Transactions of the American Fisheries Society},
	Pages = {971-983},
	Title = {Comparisons of Fish Species Traits from Small Streams to Large Rivers},
	Volume = {133},
	Year = {2004},
	Bdsk-File-1 = {YnBsaXN0MDDUAQIDBAUGCQpYJHZlcnNpb25UJHRvcFkkYXJjaGl2ZXJYJG9iamVjdHMSAAGGoNEHCFRyb290gAFfEA9OU0tleWVkQXJjaGl2ZXKoCwwXGBkdJCVVJG51bGzTDQ4PEBEUViRjbGFzc1dOUy5rZXlzWk5TLm9iamVjdHOAB6ISE4ACgAOiFRaABIAGWWFsaWFzRGF0YVxyZWxhdGl2ZVBhdGjSDRobHFdOUy5kYXRhgAVPEQHGAAAAAAHGAAIAAAxNYWNpbnRvc2ggSEQAAAAAAAAAAAAAAAAAAADE34cZSCsAAAARrX0aR29sZHN0ZWluQW5kTWVhZG9yMjAwNC5wZGYAAAAAAAAAAAAAAAAAAAAAAAAAAAAAAAAAAAAAAAAAAAAAAAAAAGm/+ctwM8sAAAAAAAAAAAACAAIAAAkgAAAAAAAAAAAAAAAAAAAABlBhcGVycwAQAAgAAMTfv1kAAAARAAgAAMtwehsAAAABABAAEa19AAn5kAAJ+XkAAHtcAAIAS01hY2ludG9zaCBIRDpVc2VyczpzdGV2ZW53YWxrZXI6RG9jdW1lbnRzOlBhcGVyczpHb2xkc3RlaW5BbmRNZWFkb3IyMDA0LnBkZgAADgA2ABoARwBvAGwAZABzAHQAZQBpAG4AQQBuAGQATQBlAGEAZABvAHIAMgAwADAANAAuAHAAZABmAA8AGgAMAE0AYQBjAGkAbgB0AG8AcwBoACAASABEABIAPlVzZXJzL3N0ZXZlbndhbGtlci9Eb2N1bWVudHMvUGFwZXJzL0dvbGRzdGVpbkFuZE1lYWRvcjIwMDQucGRmABMAAS8AABUAAgAT//8AANIeHyAhWCRjbGFzc2VzWiRjbGFzc25hbWWjISIjXU5TTXV0YWJsZURhdGFWTlNEYXRhWE5TT2JqZWN0XxAnLi4vLi4vUGFwZXJzL0dvbGRzdGVpbkFuZE1lYWRvcjIwMDQucGRm0h4fJieiJyNcTlNEaWN0aW9uYXJ5AAgAEQAaAB8AKQAyADcAOgA/AEEAUwBcAGIAaQBwAHgAgwCFAIgAigCMAI8AkQCTAJ0AqgCvALcAuQKDAogCkQKcAqACrgK1Ar4C6ALtAvAAAAAAAAACAQAAAAAAAAAoAAAAAAAAAAAAAAAAAAAC/Q==}}

@article{Wickham2011,
	Author = {Hadley Wickham},
	Date-Added = {2012-02-10 11:35:03 -0500},
	Date-Modified = {2012-06-08 15:07:34 -0400},
	Journal = {Journal of Statistical Software},
	Pages = {1-29},
	Title = {The split-apply-combine strategy for data analysis},
	Volume = {40},
	Year = {2011},
	Bdsk-File-1 = {YnBsaXN0MDDUAQIDBAUGCQpYJHZlcnNpb25UJHRvcFkkYXJjaGl2ZXJYJG9iamVjdHMSAAGGoNEHCFRyb290gAFfEA9OU0tleWVkQXJjaGl2ZXKoCwwXGBkdJCVVJG51bGzTDQ4PEBEUViRjbGFzc1dOUy5rZXlzWk5TLm9iamVjdHOAB6ISE4ACgAOiFRaABIAGWWFsaWFzRGF0YVxyZWxhdGl2ZVBhdGjSDRobHFdOUy5kYXRhgAVPEQGaAAAAAAGaAAIAAAxNYWNpbnRvc2ggSEQAAAAAAAAAAAAAAAAAAADE34cZSCsAAAARrX0PV2lja2hhbTIwMTEucGRmAAAAAAAAAAAAAAAAAAAAAAAAAAAAAAAAAAAAAAAAAAAAAAAAAAAAAAAAAAAAAAAAAGhD5MtasRYAAAAAAAAAAAACAAIAAAkgAAAAAAAAAAAAAAAAAAAABlBhcGVycwAQAAgAAMTfv1kAAAARAAgAAMta92YAAAABABAAEa19AAn5kAAJ+XkAAHtcAAIAQE1hY2ludG9zaCBIRDpVc2VyczpzdGV2ZW53YWxrZXI6RG9jdW1lbnRzOlBhcGVyczpXaWNraGFtMjAxMS5wZGYADgAgAA8AVwBpAGMAawBoAGEAbQAyADAAMQAxAC4AcABkAGYADwAaAAwATQBhAGMAaQBuAHQAbwBzAGgAIABIAEQAEgAzVXNlcnMvc3RldmVud2Fsa2VyL0RvY3VtZW50cy9QYXBlcnMvV2lja2hhbTIwMTEucGRmAAATAAEvAAAVAAIAE///AADSHh8gIVgkY2xhc3Nlc1okY2xhc3NuYW1loyEiI11OU011dGFibGVEYXRhVk5TRGF0YVhOU09iamVjdF8QHC4uLy4uL1BhcGVycy9XaWNraGFtMjAxMS5wZGbSHh8mJ6InI1xOU0RpY3Rpb25hcnkACAARABoAHwApADIANwA6AD8AQQBTAFwAYgBpAHAAeACDAIUAiACKAIwAjwCRAJMAnQCqAK8AtwC5AlcCXAJlAnACdAKCAokCkgKxArYCuQAAAAAAAAIBAAAAAAAAACgAAAAAAAAAAAAAAAAAAALG}}

@article{Higgins2009,
	Author = {Christopher L. Higgins},
	Date-Added = {2012-02-09 15:19:10 -0500},
	Date-Modified = {2012-02-09 15:19:10 -0500},
	Journal = {Aquatic Ecology},
	Pages = {1133-1141},
	Title = {Spatiotemporal variation in functional and taxonomic organization of stream-fish assemblages in central {T}exas},
	Volume = {43},
	Year = {2009},
	Bdsk-File-1 = {YnBsaXN0MDDUAQIDBAUGCQpYJHZlcnNpb25UJHRvcFkkYXJjaGl2ZXJYJG9iamVjdHMSAAGGoNEHCFRyb290gAFfEA9OU0tleWVkQXJjaGl2ZXKoCwwXGBkdJCVVJG51bGzTDQ4PEBEUViRjbGFzc1dOUy5rZXlzWk5TLm9iamVjdHOAB6ISE4ACgAOiFRaABIAGWWFsaWFzRGF0YVxyZWxhdGl2ZVBhdGjSDRobHFdOUy5kYXRhgAVPEQGaAAAAAAGaAAIAAAxNYWNpbnRvc2ggSEQAAAAAAAAAAAAAAAAAAADE34cZSCsAAAARrX0PSGlnZ2luczIwMDkucGRmAAAAAAAAAAAAAAAAAAAAAAAAAAAAAAAAAAAAAAAAAAAAAAAAAAAAAAAAAAAAAAAAAGfeJstYoqwAAAAAAAAAAAACAAIAAAkgAAAAAAAAAAAAAAAAAAAABlBhcGVycwAQAAgAAMTfv1kAAAARAAgAAMtY6PwAAAABABAAEa19AAn5kAAJ+XkAAHtcAAIAQE1hY2ludG9zaCBIRDpVc2VyczpzdGV2ZW53YWxrZXI6RG9jdW1lbnRzOlBhcGVyczpIaWdnaW5zMjAwOS5wZGYADgAgAA8ASABpAGcAZwBpAG4AcwAyADAAMAA5AC4AcABkAGYADwAaAAwATQBhAGMAaQBuAHQAbwBzAGgAIABIAEQAEgAzVXNlcnMvc3RldmVud2Fsa2VyL0RvY3VtZW50cy9QYXBlcnMvSGlnZ2luczIwMDkucGRmAAATAAEvAAAVAAIAE///AADSHh8gIVgkY2xhc3Nlc1okY2xhc3NuYW1loyEiI11OU011dGFibGVEYXRhVk5TRGF0YVhOU09iamVjdF8QHC4uLy4uL1BhcGVycy9IaWdnaW5zMjAwOS5wZGbSHh8mJ6InI1xOU0RpY3Rpb25hcnkACAARABoAHwApADIANwA6AD8AQQBTAFwAYgBpAHAAeACDAIUAiACKAIwAjwCRAJMAnQCqAK8AtwC5AlcCXAJlAnACdAKCAokCkgKxArYCuQAAAAAAAAIBAAAAAAAAACgAAAAAAAAAAAAAAAAAAALG}}

@article{CantinEtAl2011,
	Author = {Ariane Cantin and Beatrix E. Beisner and John M. Gunn and Yves T. Prairie and Jennifer G. Winter},
	Date-Added = {2011-09-28 14:53:46 -0400},
	Date-Modified = {2011-10-19 14:13:05 -0400},
	Journal = {Canadian Journal of Fisheries and Aquatic Science},
	Pages = {260-276},
	Title = {Effects of Thermocline Deepening on Lake Plankton Communities},
	Volume = {68},
	Year = {2011},
	Bdsk-File-1 = {YnBsaXN0MDDUAQIDBAUGCQpYJHZlcnNpb25UJHRvcFkkYXJjaGl2ZXJYJG9iamVjdHMSAAGGoNEHCFRyb290gAFfEA9OU0tleWVkQXJjaGl2ZXKoCwwXGBkdJCVVJG51bGzTDQ4PEBEUViRjbGFzc1dOUy5rZXlzWk5TLm9iamVjdHOAB6ISE4ACgAOiFRaABIAGWWFsaWFzRGF0YVxyZWxhdGl2ZVBhdGjSDRobHFdOUy5kYXRhgAVPEQGmAAAAAAGmAAIAAAxNYWNpbnRvc2ggSEQAAAAAAAAAAAAAAAAAAADE34cZSCsAAAARrX0SQ2FudGluRXRBbDIwMTEucGRmAAAAAAAAAAAAAAAAAAAAAAAAAAAAAAAAAAAAAAAAAAAAAAAAAAAAAAAAAAAAAFEPZMqo5QMAAAAAAAAAAAACAAIAAAkgAAAAAAAAAAAAAAAAAAAABlBhcGVycwAQAAgAAMTfv1kAAAARAAgAAMqpHUMAAAABABAAEa19AAn5kAAJ+XkAAHtcAAIAQ01hY2ludG9zaCBIRDpVc2VyczpzdGV2ZW53YWxrZXI6RG9jdW1lbnRzOlBhcGVyczpDYW50aW5FdEFsMjAxMS5wZGYAAA4AJgASAEMAYQBuAHQAaQBuAEUAdABBAGwAMgAwADEAMQAuAHAAZABmAA8AGgAMAE0AYQBjAGkAbgB0AG8AcwBoACAASABEABIANlVzZXJzL3N0ZXZlbndhbGtlci9Eb2N1bWVudHMvUGFwZXJzL0NhbnRpbkV0QWwyMDExLnBkZgATAAEvAAAVAAIAE///AADSHh8gIVgkY2xhc3Nlc1okY2xhc3NuYW1loyEiI11OU011dGFibGVEYXRhVk5TRGF0YVhOU09iamVjdF8QHy4uLy4uL1BhcGVycy9DYW50aW5FdEFsMjAxMS5wZGbSHh8mJ6InI1xOU0RpY3Rpb25hcnkACAARABoAHwApADIANwA6AD8AQQBTAFwAYgBpAHAAeACDAIUAiACKAIwAjwCRAJMAnQCqAK8AtwC5AmMCaAJxAnwCgAKOApUCngLAAsUCyAAAAAAAAAIBAAAAAAAAACgAAAAAAAAAAAAAAAAAAALV}}

@article{IvesAndHelmus2011,
	Author = {Anthony R. Ives and Matthew R. Helmus},
	Date-Added = {2011-09-08 11:48:29 -0400},
	Date-Modified = {2012-06-08 15:06:29 -0400},
	Journal = {Ecological Monographs},
	Pages = {511-523},
	Title = {Generalized Linear Mixed Models for Phylogenetic Analyses of Community Structure},
	Volume = {81},
	Year = {2011},
	Bdsk-File-1 = {YnBsaXN0MDDUAQIDBAUGCQpYJHZlcnNpb25UJHRvcFkkYXJjaGl2ZXJYJG9iamVjdHMSAAGGoNEHCFRyb290gAFfEA9OU0tleWVkQXJjaGl2ZXKoCwwXGBkdJCVVJG51bGzTDQ4PEBEUViRjbGFzc1dOUy5rZXlzWk5TLm9iamVjdHOAB6ISE4ACgAOiFRaABIAGWWFsaWFzRGF0YVxyZWxhdGl2ZVBhdGjSDRobHFdOUy5kYXRhgAVPEQGyAAAAAAGyAAIAAAxNYWNpbnRvc2ggSEQAAAAAAAAAAAAAAAAAAADE34cZSCsAAAARrX0VSXZlc0FuZEhlbG11czIwMTEucGRmAAAAAAAAAAAAAAAAAAAAAAAAAAAAAAAAAAAAAAAAAAAAAAAAAAAAAAAAAE6Ty8qOXAgAAAAAAAAAAAACAAIAAAkgAAAAAAAAAAAAAAAAAAAABlBhcGVycwAQAAgAAMTfv1kAAAARAAgAAMqOlEgAAAABABAAEa19AAn5kAAJ+XkAAHtcAAIARk1hY2ludG9zaCBIRDpVc2VyczpzdGV2ZW53YWxrZXI6RG9jdW1lbnRzOlBhcGVyczpJdmVzQW5kSGVsbXVzMjAxMS5wZGYADgAsABUASQB2AGUAcwBBAG4AZABIAGUAbABtAHUAcwAyADAAMQAxAC4AcABkAGYADwAaAAwATQBhAGMAaQBuAHQAbwBzAGgAIABIAEQAEgA5VXNlcnMvc3RldmVud2Fsa2VyL0RvY3VtZW50cy9QYXBlcnMvSXZlc0FuZEhlbG11czIwMTEucGRmAAATAAEvAAAVAAIAE///AADSHh8gIVgkY2xhc3Nlc1okY2xhc3NuYW1loyEiI11OU011dGFibGVEYXRhVk5TRGF0YVhOU09iamVjdF8QIi4uLy4uL1BhcGVycy9JdmVzQW5kSGVsbXVzMjAxMS5wZGbSHh8mJ6InI1xOU0RpY3Rpb25hcnkACAARABoAHwApADIANwA6AD8AQQBTAFwAYgBpAHAAeACDAIUAiACKAIwAjwCRAJMAnQCqAK8AtwC5Am8CdAJ9AogCjAKaAqECqgLPAtQC1wAAAAAAAAIBAAAAAAAAACgAAAAAAAAAAAAAAAAAAALk}}

@article{Solymos2009,
	Author = {{P\'eter} {S\'olymos}},
	Date-Added = {2011-09-07 20:34:10 -0400},
	Date-Modified = {2012-06-08 15:07:03 -0400},
	Journal = {Journal of Statistical Software},
	Pages = {1-28},
	Title = {Processing Ecological Data in \proglang{R} with the \pkg{mefa} Package},
	Volume = {29},
	Year = {2009}}

@article{Wickham2007,
	Author = {Hadley Wickham},
	Date-Added = {2011-09-07 20:25:40 -0400},
	Date-Modified = {2012-07-30 22:01:29 -0400},
	Journal = {Journal of Statistical Software},
	Pages = {1-20},
	Title = {Reshaping Data with the \pkg{reshape} Package},
	Volume = {21},
	Year = {2007}}

@book{ChambersAndHastie1992,
	Address = {Pacific Grove, California},
	Author = {John M. Chambers and Trevor J. Hastie},
	Date-Added = {2011-09-07 19:35:40 -0400},
	Date-Modified = {2011-10-19 14:13:38 -0400},
	Publisher = {Wadsworth and Brooks},
	Title = {Statistical Models in \proglang{S}},
	Year = {1992}}

@article{LeiboldEtAl2010,
	Author = {Mathew A. Leibold and Evan P. Economo and Pedro R. Peres-Neto},
	Date-Added = {2010-11-23 14:36:10 -0500},
	Date-Modified = {2011-10-19 14:17:46 -0400},
	Journal = {Ecology Letters},
	Pages = {1290-1299},
	Title = {Metacommunity Phylogenetics: Separating the Roles of Environmental Filters and Historical Biogeography},
	Volume = {13},
	Year = {2010},
	Bdsk-File-1 = {YnBsaXN0MDDUAQIDBAUGCQpYJHZlcnNpb25UJHRvcFkkYXJjaGl2ZXJYJG9iamVjdHMSAAGGoNEHCFRyb290gAFfEA9OU0tleWVkQXJjaGl2ZXKoCwwXGBkdJCVVJG51bGzTDQ4PEBEUViRjbGFzc1dOUy5rZXlzWk5TLm9iamVjdHOAB6ISE4ACgAOiFRaABIAGWWFsaWFzRGF0YVxyZWxhdGl2ZVBhdGjSDRobHFdOUy5kYXRhgAVPEQGSAAAAAAGSAAIAAAxNYWNpbnRvc2ggSEQAAAAAAAAAAAAAAAAAAADE34cZSCsAAABFFGITTGVpYm9sZEV0QWwyMDEwLnBkZgAAAAAAAAAAAAAAAAAAAAAAAAAAAAAAAAAAAAAAAAAAAAAAAAAAAAAAAAAAADj50skRgcoAAAAAAAAAAAADAAIAAAkgAAAAAAAAAAAAAAAAAAAABi5UcmFzaAAQAAgAAMTfv1kAAAARAAgAAMkRyBoAAAABAAwARRRiAAn5eQAAe1wAAgA6TWFjaW50b3NoIEhEOlVzZXJzOnN0ZXZlbndhbGtlcjouVHJhc2g6TGVpYm9sZEV0QWwyMDEwLnBkZgAOACgAEwBMAGUAaQBiAG8AbABkAEUAdABBAGwAMgAwADEAMAAuAHAAZABmAA8AGgAMAE0AYQBjAGkAbgB0AG8AcwBoACAASABEABIALVVzZXJzL3N0ZXZlbndhbGtlci8uVHJhc2gvTGVpYm9sZEV0QWwyMDEwLnBkZgAAEwABLwAAFQACABP//wAA0h4fICFYJGNsYXNzZXNaJGNsYXNzbmFtZaMhIiNdTlNNdXRhYmxlRGF0YVZOU0RhdGFYTlNPYmplY3RfECMuLi8uLi8uLi8uVHJhc2gvTGVpYm9sZEV0QWwyMDEwLnBkZtIeHyYnoicjXE5TRGljdGlvbmFyeQAIABEAGgAfACkAMgA3ADoAPwBBAFMAXABiAGkAcAB4AIMAhQCIAIoAjACPAJEAkwCdAKoArwC3ALkCTwJUAl0CaAJsAnoCgQKKArACtQK4AAAAAAAAAgEAAAAAAAAAKAAAAAAAAAAAAAAAAAAAAsU=}}

@article{PillarEtAl2010,
	Author = {Val\`{e}rio D. Pillar and Leandro D.S. Duarte},
	Date-Added = {2010-11-23 14:34:16 -0500},
	Date-Modified = {2011-10-19 14:18:10 -0400},
	Journal = {Ecology Letters},
	Pages = {587-596},
	Title = {A Framework for Metacommunity Analysis of Phylogenetic Structure},
	Volume = {13},
	Year = {2010},
	Bdsk-File-1 = {YnBsaXN0MDDUAQIDBAUGCQpYJHZlcnNpb25UJHRvcFkkYXJjaGl2ZXJYJG9iamVjdHMSAAGGoNEHCFRyb290gAFfEA9OU0tleWVkQXJjaGl2ZXKoCwwXGBkdJCVVJG51bGzTDQ4PEBEUViRjbGFzc1dOUy5rZXlzWk5TLm9iamVjdHOAB6ISE4ACgAOiFRaABIAGWWFsaWFzRGF0YVxyZWxhdGl2ZVBhdGjSDRobHFdOUy5kYXRhgAVPEQGOAAAAAAGOAAIAAAxNYWNpbnRvc2ggSEQAAAAAAAAAAAAAAAAAAADE34cZSCsAAABFFGISUGlsbGFyRXRBbDIwMTAucGRmAAAAAAAAAAAAAAAAAAAAAAAAAAAAAAAAAAAAAAAAAAAAAAAAAAAAAAAAAAAAADj5w8kRgRkAAAAAAAAAAAADAAIAAAkgAAAAAAAAAAAAAAAAAAAABi5UcmFzaAAQAAgAAMTfv1kAAAARAAgAAMkRx2kAAAABAAwARRRiAAn5eQAAe1wAAgA5TWFjaW50b3NoIEhEOlVzZXJzOnN0ZXZlbndhbGtlcjouVHJhc2g6UGlsbGFyRXRBbDIwMTAucGRmAAAOACYAEgBQAGkAbABsAGEAcgBFAHQAQQBsADIAMAAxADAALgBwAGQAZgAPABoADABNAGEAYwBpAG4AdABvAHMAaAAgAEgARAASACxVc2Vycy9zdGV2ZW53YWxrZXIvLlRyYXNoL1BpbGxhckV0QWwyMDEwLnBkZgATAAEvAAAVAAIAE///AADSHh8gIVgkY2xhc3Nlc1okY2xhc3NuYW1loyEiI11OU011dGFibGVEYXRhVk5TRGF0YVhOU09iamVjdF8QIi4uLy4uLy4uLy5UcmFzaC9QaWxsYXJFdEFsMjAxMC5wZGbSHh8mJ6InI1xOU0RpY3Rpb25hcnkACAARABoAHwApADIANwA6AD8AQQBTAFwAYgBpAHAAeACDAIUAiACKAIwAjwCRAJMAnQCqAK8AtwC5AksCUAJZAmQCaAJ2An0ChgKrArACswAAAAAAAAIBAAAAAAAAACgAAAAAAAAAAAAAAAAAAALA}}

@article{LegendreEtAl1997,
	Author = {Pierre Legendre and Ren\'{e} Galzin and Mireille L. Harmelin-Vivien},
	Date-Added = {2010-07-08 16:13:03 -0400},
	Date-Modified = {2012-06-08 15:06:43 -0400},
	Journal = {Ecology},
	Pages = {547-562},
	Title = {Relating Behavior to Habitat: Solutions to the Fourth-Corner Problem},
	Volume = {78},
	Year = {1997},
	Bdsk-File-1 = {YnBsaXN0MDDUAQIDBAUGCQpYJHZlcnNpb25UJHRvcFkkYXJjaGl2ZXJYJG9iamVjdHMSAAGGoNEHCFRyb290gAFfEA9OU0tleWVkQXJjaGl2ZXKoCwwXGBkdJCVVJG51bGzTDQ4PEBEUViRjbGFzc1dOUy5rZXlzWk5TLm9iamVjdHOAB6ISE4ACgAOiFRaABIAGWWFsaWFzRGF0YVxyZWxhdGl2ZVBhdGjSDRobHFdOUy5kYXRhgAVPEQGWAAAAAAGWAAIAAAxNYWNpbnRvc2ggSEQAAAAAAAAAAAAAAAAAAADE34cZSCsAAABFFGIUTGVnZW5kcmVFdEFsMTk5Ny5wZGYAAAAAAAAAAAAAAAAAAAAAAAAAAAAAAAAAAAAAAAAAAAAAAAAAAAAAAAAAADL4BchbqYsAAAAAAAAAAAADAAIAAAkgAAAAAAAAAAAAAAAAAAAABi5UcmFzaAAQAAgAAMTfv1kAAAARAAgAAMhb4csAAAABAAwARRRiAAn5eQAAe1wAAgA7TWFjaW50b3NoIEhEOlVzZXJzOnN0ZXZlbndhbGtlcjouVHJhc2g6TGVnZW5kcmVFdEFsMTk5Ny5wZGYAAA4AKgAUAEwAZQBnAGUAbgBkAHIAZQBFAHQAQQBsADEAOQA5ADcALgBwAGQAZgAPABoADABNAGEAYwBpAG4AdABvAHMAaAAgAEgARAASAC5Vc2Vycy9zdGV2ZW53YWxrZXIvLlRyYXNoL0xlZ2VuZHJlRXRBbDE5OTcucGRmABMAAS8AABUAAgAT//8AANIeHyAhWCRjbGFzc2VzWiRjbGFzc25hbWWjISIjXU5TTXV0YWJsZURhdGFWTlNEYXRhWE5TT2JqZWN0XxAkLi4vLi4vLi4vLlRyYXNoL0xlZ2VuZHJlRXRBbDE5OTcucGRm0h4fJieiJyNcTlNEaWN0aW9uYXJ5AAgAEQAaAB8AKQAyADcAOgA/AEEAUwBcAGIAaQBwAHgAgwCFAIgAigCMAI8AkQCTAJ0AqgCvALcAuQJTAlgCYQJsAnACfgKFAo4CtQK6Ar0AAAAAAAACAQAAAAAAAAAoAAAAAAAAAAAAAAAAAAACyg==}}

@article{DoledecEtAl1996,
	Author = {S. Dol\'{e}dec and D. Chessel and C.J.F. ter Braak and S. Champely},
	Date-Added = {2009-07-01 15:56:13 -0400},
	Date-Modified = {2011-10-19 14:14:09 -0400},
	Journal = {Environmental and Ecological Statistics},
	Pages = {143-166},
	Title = {Matching Species Traits to Environmental Variables: A New Three-Table Ordination Method},
	Volume = {3},
	Year = {1996},
	Bdsk-File-1 = {YnBsaXN0MDDUAQIDBAUGCQpYJHZlcnNpb25UJHRvcFkkYXJjaGl2ZXJYJG9iamVjdHMSAAGGoNEHCFRyb290gAFfEA9OU0tleWVkQXJjaGl2ZXKoCwwXGBkdJCVVJG51bGzTDQ4PEBEUViRjbGFzc1dOUy5rZXlzWk5TLm9iamVjdHOAB6ISE4ACgAOiFRaABIAGWWFsaWFzRGF0YVxyZWxhdGl2ZVBhdGjSDRobHFdOUy5kYXRhgAVPEQIyAAAAAAIyAAIAAAxNYWNpbnRvc2ggSEQAAAAAAAAAAAAAAAAAAADE34cZSCsAAAAU0gwfMTk5NkRvbGVkZWNDaGVzc2VsdGUjMTRENTJFLnBkZgAAAAAAAAAAAAAAAAAAAAAAAAAAAAAAAAAAAAAAAAAAABTVLgAAAAAAAAAAAAAAAAACAAMAAAkgAAAAAAAAAAAAAAAAAAAAEE9yZGluYXRpb25QYXBlcnMAEAAIAADE379ZAAAAEQAIAAAAAAAAAAAAAQAUABTSDAAU0gEACfmQAAn5eQAAe1wAAgBmTWFjaW50b3NoIEhEOlVzZXJzOnN0ZXZlbndhbGtlcjpEb2N1bWVudHM6T2xkQ29tcHV0ZXI6T3JkaW5hdGlvblBhcGVyczoxOTk2RG9sZWRlY0NoZXNzZWx0ZSMxNEQ1MkUucGRmAA4AVAApADEAOQA5ADYARABvAGwAZQBkAGUAYwBDAGgAZQBzAHMAZQBsAHQAZQByAEIAcgBhAGEAawBBAG4AZABDAGgAYQBtAHAAZQBsAHkALgBwAGQAZgAPABoADABNAGEAYwBpAG4AdABvAHMAaAAgAEgARAASAGNVc2Vycy9zdGV2ZW53YWxrZXIvRG9jdW1lbnRzL09sZENvbXB1dGVyL09yZGluYXRpb25QYXBlcnMvMTk5NkRvbGVkZWNDaGVzc2VsdGVyQnJhYWtBbmRDaGFtcGVseS5wZGYAABMAAS8AABUAAgAT//8AANIeHyAhWCRjbGFzc2VzWiRjbGFzc25hbWWjISIjXU5TTXV0YWJsZURhdGFWTlNEYXRhWE5TT2JqZWN0XxBMLi4vLi4vT2xkQ29tcHV0ZXIvT3JkaW5hdGlvblBhcGVycy8xOTk2RG9sZWRlY0NoZXNzZWx0ZXJCcmFha0FuZENoYW1wZWx5LnBkZtIeHyYnoicjXE5TRGljdGlvbmFyeQAIABEAGgAfACkAMgA3ADoAPwBBAFMAXABiAGkAcAB4AIMAhQCIAIoAjACPAJEAkwCdAKoArwC3ALkC7wL0Av0DCAMMAxoDIQMqA3kDfgOBAAAAAAAAAgEAAAAAAAAAKAAAAAAAAAAAAAAAAAAAA44=}}

@article{DrayAndLegendre2008,
	Author = {Stephane Dray and Pierre Legendre},
	Date-Added = {2009-06-30 21:45:02 -0400},
	Date-Modified = {2012-06-08 15:06:12 -0400},
	Journal = {Ecology},
	Pages = {3400-3412},
	Title = {Testing the Species Traits-Environment Relationships: The Fourth-Corner Problem Revisited},
	Volume = {89},
	Year = {2008},
	Bdsk-File-1 = {YnBsaXN0MDDUAQIDBAUGCQpYJHZlcnNpb25UJHRvcFkkYXJjaGl2ZXJYJG9iamVjdHMSAAGGoNEHCFRyb290gAFfEA9OU0tleWVkQXJjaGl2ZXKoCwwXGBkdJCVVJG51bGzTDQ4PEBEUViRjbGFzc1dOUy5rZXlzWk5TLm9iamVjdHOAB6ISE4ACgAOiFRaABIAGWWFsaWFzRGF0YVxyZWxhdGl2ZVBhdGjSDRobHFdOUy5kYXRhgAVPEQHWAAAAAAHWAAIAAAxNYWNpbnRvc2ggSEQAAAAAAAAAAAAAAAAAAADE34cZSCsAAAAU0g0XRHJheUFuZExlZ2VuZHJlMjAwOC5wZGYAAAAAAAAAAAAAAAAAAAAAAAAAAAAAAAAAAAAAAAAAAAAAAAAAAAAAABTVXwAAAAAAAAAAAAAAAAACAAMAAAkgAAAAAAAAAAAAAAAAAAAABnBhcGVycwAQAAgAAMTfv1kAAAARAAgAAAAAAAAAAAABABQAFNINABTSAQAJ+ZAACfl5AAB7XAACAFRNYWNpbnRvc2ggSEQ6VXNlcnM6c3RldmVud2Fsa2VyOkRvY3VtZW50czpPbGRDb21wdXRlcjpwYXBlcnM6RHJheUFuZExlZ2VuZHJlMjAwOC5wZGYADgAwABcARAByAGEAeQBBAG4AZABMAGUAZwBlAG4AZAByAGUAMgAwADAAOAAuAHAAZABmAA8AGgAMAE0AYQBjAGkAbgB0AG8AcwBoACAASABEABIAR1VzZXJzL3N0ZXZlbndhbGtlci9Eb2N1bWVudHMvT2xkQ29tcHV0ZXIvcGFwZXJzL0RyYXlBbmRMZWdlbmRyZTIwMDgucGRmAAATAAEvAAAVAAIAE///AADSHh8gIVgkY2xhc3Nlc1okY2xhc3NuYW1loyEiI11OU011dGFibGVEYXRhVk5TRGF0YVhOU09iamVjdF8QMC4uLy4uL09sZENvbXB1dGVyL3BhcGVycy9EcmF5QW5kTGVnZW5kcmUyMDA4LnBkZtIeHyYnoicjXE5TRGljdGlvbmFyeQAIABEAGgAfACkAMgA3ADoAPwBBAFMAXABiAGkAcAB4AIMAhQCIAIoAjACPAJEAkwCdAKoArwC3ALkCkwKYAqECrAKwAr4CxQLOAwEDBgMJAAAAAAAAAgEAAAAAAAAAKAAAAAAAAAAAAAAAAAAAAxY=}}
